<?xml version="1.0" encoding="UTF-8" ?>
<collection xmlns:xsi="http://www.w3.org/2001/XMLSchema-instance"
    xsi:schemaLocation="http://www.loc.gov/MARC21/slim
        http://www.loc.gov/standards/marcxml/schema/MARC21slim.xsd"
    xmlns="http://www.loc.gov/MARC21/slim">
<record>
  <leader>00217cam a2200397 i 4500</leader>
  <controlfield tag="001">b12471811</controlfield>
  <controlfield tag="003">LeBAU</controlfield>
  <controlfield tag="005">20191212</controlfield>
  <controlfield tag="008">110524s1951    ua            1|0 0 ara d</controlfield>
  <datafield tag="035" ind1=" " ind2=" ">
    <subfield code="a">ocn784332394</subfield>
  </datafield>
  <datafield tag="040" ind1=" " ind2=" ">
    <subfield code="a">LEAUB</subfield>
    <subfield code="b">ara</subfield>
    <subfield code="e">rda</subfield>
    <subfield code="c">LEAUB</subfield>
    <subfield code="d">LEAUB</subfield>
  </datafield>
  <datafield tag="082" ind1="0" ind2="4">
    <subfield code="a">382.0956</subfield>
    <subfield code="2">23</subfield>
  </datafield>
  <datafield tag="111" ind1="2" ind2=" ">
    <subfield code="6">880-01</subfield>
    <subfield code="a">Muʼtamar Ghuraf al-Tijārah wa-al-Ṣināʻah wa-al-Zirāʻah lil-Bilād al-ʻArabīyah</subfield>
    <subfield code="n">(1 :</subfield>
    <subfield code="d">1951 :</subfield>
    <subfield code="c">Alexandria, Egypt)</subfield>
  </datafield>
  <datafield tag="245" ind1="1" ind2="0">
    <subfield code="6">880-02</subfield>
    <subfield code="a">al-Muʼtamar al-awwal lil-ghuraf al-tijārīyah wa-al-ṣināʻīyah wa-al-zirāʻīyah al-ʻArabīyah, al-munʻaqid bi-Dār Ghurfat al-Iskandarīyah al-Tijārīyah, yawmay 2 wa-3 Shaʻbān sanat 1370 - 8 wa-9 Māyū (Ayyār) sanat 1951 :</subfield>
    <subfield code="b">maḥāḍir al-jalsāt.</subfield>
  </datafield>
  <datafield tag="264" ind1=" " ind2="1">
    <subfield code="6">880-03</subfield>
    <subfield code="a">[al-Iskandarīyah] :</subfield>
    <subfield code="b">Maṭābiʻ al-Baṣīr,</subfield>
    <subfield code="c">1370 [H.] = 1951 [M.]</subfield>
  </datafield>
  <datafield tag="300" ind1=" " ind2=" ">
    <subfield code="6">880-04</subfield>
    <subfield code="a">33 pages ;</subfield>
    <subfield code="c">28 cm</subfield>
  </datafield>
  <datafield tag="336" ind1=" " ind2=" ">
    <subfield code="a">text</subfield>
    <subfield code="b">txt</subfield>
    <subfield code="2">rdacontent</subfield>
  </datafield>
  <datafield tag="337" ind1=" " ind2=" ">
    <subfield code="a">unmediated</subfield>
    <subfield code="b">n</subfield>
    <subfield code="2">rdamedia</subfield>
  </datafield>
  <datafield tag="338" ind1=" " ind2=" ">
    <subfield code="a">volume</subfield>
    <subfield code="b">nc</subfield>
    <subfield code="2">rdacarrier</subfield>
  </datafield>
  <datafield tag="650" ind1=" " ind2="4">
    <subfield code="a">الصناعات</subfield>
    <subfield code="z">البلدان العربية</subfield>
    <subfield code="v">مؤتمرات.</subfield>
  </datafield>
  <datafield tag="650" ind1=" " ind2="0">
    <subfield code="a">Industries</subfield>
    <subfield code="z">Arab countries</subfield>
    <subfield code="v">Congresses.</subfield>
  </datafield>
  <datafield tag="651" ind1=" " ind2="4">
    <subfield code="a">البلدان العربية</subfield>
    <subfield code="x">التجارة</subfield>
    <subfield code="v">مؤتمرات.</subfield>
  </datafield>
  <datafield tag="651" ind1=" " ind2="4">
    <subfield code="a">البلدان العربية</subfield>
    <subfield code="x">الأحوال الاقتصادية</subfield>
    <subfield code="v">مؤتمرات.</subfield>
  </datafield>
  <datafield tag="651" ind1=" " ind2="4">
    <subfield code="a">البلدان العربية</subfield>
    <subfield code="x">السياسة التجارية</subfield>
    <subfield code="v">مؤتمرات.</subfield>
  </datafield>
  <datafield tag="651" ind1=" " ind2="0">
    <subfield code="a">Arab countries</subfield>
    <subfield code="x">Commerce</subfield>
    <subfield code="v">Congresses.</subfield>
  </datafield>
  <datafield tag="651" ind1=" " ind2="0">
    <subfield code="a">Arab countries</subfield>
    <subfield code="x">Economic conditions</subfield>
    <subfield code="v">Congresses.</subfield>
  </datafield>
  <datafield tag="651" ind1=" " ind2="0">
    <subfield code="a">Arab countries</subfield>
    <subfield code="x">Commercial policy</subfield>
    <subfield code="v">Congresses.</subfield>
  </datafield>
  <datafield tag="852" ind1=" " ind2=" ">
    <subfield code="a">Jafet Library</subfield>
    <subfield code="e">American University of Beirut, Bliss Street , Beirut, Lebanon.</subfield>
  </datafield>
  <datafield tag="880" ind1="2" ind2=" ">
    <subfield code="6">111-01/(3/r</subfield>
    <subfield code="a">مؤتمر غرف التجارة والصناعة والزراعة للبلاد العربية</subfield>
    <subfield code="n">(1 :</subfield>
    <subfield code="d">1951 :</subfield>
    <subfield code="c">الإسكندرية، مصر)</subfield>
  </datafield>
  <datafield tag="880" ind1="1" ind2="3">
    <subfield code="6">245-02/(3/r</subfield>
    <subfield code="a">المؤتمر الأول للغرف التجارية والصناعية والزراعية العربية، المنعقد بدار غرفة الإسكندرية التجارية، يومي 2 و3 شعبان سنة 1370-8 و9 مايو (أيار) سنة 1951 :</subfield>
    <subfield code="b">محاضر الجلسات.</subfield>
  </datafield>
  <datafield tag="880" ind1=" " ind2="1">
    <subfield code="6">264-03/(3/r</subfield>
    <subfield code="a">[الإسكندرية] :</subfield>
    <subfield code="b">مطابع البصير،</subfield>
    <subfield code="c">1370 [هـ.] = 1951 [م.]</subfield>
  </datafield>
  <datafield tag="880" ind1=" " ind2=" ">
    <subfield code="6">300-04/(3/r</subfield>
    <subfield code="a">33 صفحة ؛</subfield>
    <subfield code="c">28 سم</subfield>
  </datafield>
  <datafield tag="907" ind1=" " ind2=" ">
    <subfield code="a">.b12471811</subfield>
    <subfield code="b">20-01-13</subfield>
    <subfield code="c">11-05-24</subfield>
  </datafield>
  <datafield tag="907" ind1=" " ind2=" ">
    <subfield code="a">.b12471811</subfield>
    <subfield code="b">11-10-11</subfield>
    <subfield code="c">11-05-24</subfield>
  </datafield>
  <datafield tag="945" ind1=" " ind2=" ">
    <subfield code="f">J</subfield>
    <subfield code="a">382.0956:M992mA</subfield>
    <subfield code="g">1</subfield>
    <subfield code="i">01024092</subfield>
    <subfield code="j">.i12955140</subfield>
    <subfield code="l">u0503</subfield>
  </datafield>
  <datafield tag="998" ind1=" " ind2=" ">
    <subfield code="a">u05</subfield>
    <subfield code="b">97-05-29</subfield>
    <subfield code="c">m</subfield>
    <subfield code="d">a  </subfield>
    <subfield code="e">-</subfield>
    <subfield code="f">ara</subfield>
    <subfield code="g">ua </subfield>
    <subfield code="h">0</subfield>
    <subfield code="i">1</subfield>
  </datafield>
</record>
</collection>
